% BibTeX bibliography file

@Misc{Bergman2001,
  author = {Bergman, N},
  title = {{Posterior Cram\'{e}r-Rao bounds for sequential estimation}},
  booktitle = {Sequential Monte Carlo methods in practice},
  chapter = {15},
  year = {2001},
  pages = {321--338},
  publisher = {Berlin: Springer Verlag}
}

@Article{Tichavsky1998,
  author = {Tichavsky, P and Muravchik, C H and Nehorai, A},
  title = {{Posterior Cramer-Rao bounds for discrete-time nonlinear
  filtering}},
  journal = {Signal Processing, IEEE Transactions on},
  year = {1998},
  month = {May},
  volume = {46},
  number = {5},
  pages = {1386--1396}
}

